@book{convex,
  title={Convex optimization},
  author={Boyd, Stephen and Vandenberghe, Lieven},
  year={2004},
  publisher={Cambridge university press}
}

@misc{notes,
  title = {NUS - SoC - CS 5240 lecture notes},
  author = {Leow Wee Kheng},
  howpublished ={\url{http://www.comp.nus.edu.sg/~cs5240/index.html}},
  note = {Accessed: 2016-01-15}
}

@inproceedings{lucas,
  title={An iterative image registration technique with an application to stereo vision.},
  author={Lucas, Bruce D and Kanade, Takeo and others},
  booktitle={IJCAI},
  volume={81},
  pages={674--679},
  year={1981}
}

@article{delta,
  title={An analysis of the delta rule and the learning of statistical associations},
  author={Stone, Gregory O},
  journal={Parallel distributed processing: Explorations in the microstructure of cognition},
  volume=1,
  pages={444--459},
  year=1986,
  publisher={MIT Press Cambridge, MA}
}

@article{jacobian,
  title={Introduction to inverse kinematics with jacobian transpose, pseudoinverse and damped least squares methods},
  author={Buss, Samuel R},
  journal={IEEE Journal of Robotics and Automation},
  volume={17},
  number={1-19},
  pages={16},
  year={2004}
}
